<record><leader>00000cas a22000007a 4500</leader><controlfield tag="001">12794583</controlfield><controlfield tag="008">851114d18711872ksuwr ne      0    0eng d</controlfield><datafield ind1=" " ind2=" " tag="010"><subfield code="a">sn 85067182 </subfield></datafield><datafield ind1=" " ind2=" " tag="040"><subfield code="a">KSH</subfield><subfield code="b">eng</subfield><subfield code="c">KSH</subfield><subfield code="d">NPT</subfield><subfield code="d">NPX</subfield><subfield code="d">OCLCQ</subfield></datafield><datafield ind1=" " ind2=" " tag="042"><subfield code="a">msc</subfield></datafield><datafield ind1="0" ind2=" " tag="130"><subfield code="a">North Topeka times (Topeka, Kan. : 1871)</subfield></datafield><datafield ind1="1" ind2="0" tag="245"><subfield code="a">North Topeka times.</subfield></datafield><datafield ind1=" " ind2=" " tag="260"><subfield code="a">North Topeka [i.e. Topeka], Kan. :</subfield><subfield code="b">C. Maynard,</subfield><subfield code="c">1871-1872.</subfield></datafield><datafield ind1=" " ind2=" " tag="300"><subfield code="a">2 v. ;</subfield><subfield code="c">49-70 cm.</subfield></datafield><datafield ind1=" " ind2=" " tag="310"><subfield code="a">Weekly</subfield></datafield><datafield ind1="0" ind2=" " tag="362"><subfield code="a">Vol. 1, no. 1 (Mar. 16, 1871)-v. 2, no. 15 (June 27, 1872).</subfield></datafield><datafield ind1=" " ind2=" " tag="500"><subfield code="a">Publishers: J.V. Admire &amp; G.W. Carey, May 30-June 27, 1872.</subfield></datafield><datafield ind1=" " ind2=" " tag="500"><subfield code="a">"Republican."</subfield></datafield><datafield ind1=" " ind2=" " tag="752"><subfield code="a">United States</subfield><subfield code="b">Kansas</subfield><subfield code="c">Shawnee</subfield><subfield code="d">Topeka.</subfield></datafield><datafield ind1=" " ind2=" " tag="752"><subfield code="a">United States b Kansas</subfield><subfield code="c">Shawnee</subfield><subfield code="d">North Topeka.</subfield></datafield><datafield ind1="0" ind2="0" tag="785"><subfield code="t">Topeka weekly times (Topeka, Kan. : 1872)</subfield><subfield code="w">(DLC)sn 84027685</subfield></datafield><datafield ind1="1" ind2=" " tag="029"><subfield code="a">AU@</subfield><subfield code="b">000025293471</subfield></datafield></record>